@article{additive,
  author    = {Friedman, J. and Hastie, T. and Tibshirani, R.},
  journal   = {The Annals of Statistics},
  keywords  = {boosting},
  number    = 2,
  title     = {{Additive Logistic Regression: a Statistical View of Boosting}},
  volume    = {38},
  year      = {2000}
}
@book{elements,
  address   = {New York, NY, USA},
  author    = {Hastie, Trevor and Tibshirani, Robert and Friedman, Jerome},
  keywords  = {ml statistics},
  publisher = {Springer New York Inc.},
  series    = {Springer Series in Statistics},
  title     = {The Elements of Statistical Learning},
  year      = {2001}
}
@book{kalita,
  author    = {Jugal Kalita},
  title     = {Machine Learning Theory and Practice},
  year      = {2019}
}
@book{machine_learning,
  author    = {Marsland, Stephen},
  title     = {Machine Learning: An Algorithmic Perspective, Second Edition},
  year      = {2014},
  isbn      = {1466583282, 9781466583283},
  edition   = {2nd},
  publisher = {Chapman \& Hall/CRC},
}
@inproceedings{cart,
  title     = {Classification and Regression Trees},
  author    = {Leo Breiman and Joseph H Friedman and R. A. Olshen and C. J. Stone},
  year      = {1983}
}
@MISC{top10,
    title = {Top 10 algorithms in data mining},
    author = {Xindong Wu and Vipin Kumar and J. Ross and Quinlan Joydeep and Ghosh Qiang Yang and Hiroshi Motoda and Geoffrey J. Mclachlan and Angus Ng and Bing Liu and Philip S. Yu and Dan Steinberg and X. Wu and V. Kumar and J. Ross Quinlan and J. Ghosh and Q. Yang and H. Motoda},
    year = {2007}
}
