@article{mathematical_programming,
  author="Geoffrion, Arthur M.",
  title="Objective function approximations in mathematical programming",
  journal="Mathematical Programming",
  year="1977",
  month="Dec",
  day="01",
  volume="13",
  number="1",
  pages="23--37",
  issn="1436-4646",
  doi="10.1007/BF01584321",
  url="https://doi.org/10.1007/BF01584321"
}
@book{intro_sgd,
  author    = {Spall, James C.},
  title     = {Introduction to Stochastic Search and Optimization},
  year      = {2003},
  isbn      = {0471330523},
  edition   = {1},
  publisher = {John Wiley \& Sons, Inc.},
  address   = {New York, NY, USA},
}
@book{machine_learning,
  author    = {Marsland, Stephen},
  title     = {Machine Learning: An Algorithmic Perspective, Second Edition},
  year      = {2014},
  isbn      = {1466583282, 9781466583283},
  edition   = {2nd},
  publisher = {Chapman \& Hall/CRC},
}
@inbook{goodness,
  author    = {Maydeu-Olivares, Alberto and Forero, Carlos},
  year      = {2010},
  month     = {12},
  pages     = {190-196},
  title     = {Goodness-of-Fit Testing},
  volume    = {7},
  isbn      = {9780080448947},
  journal   = {International Encyclopedia of Education},
  doi       = {10.1016/B978-0-08-044894-7.01333-6}
}
@incollection{evolutionary_sgd,
  title = {Evolutionary Stochastic Gradient Descent for Optimization of Deep Neural Networks},
  author = {Cui, Xiaodong and Zhang, Wei and T\"{u}ske, Zolt\'{a}n and Picheny, Michael},
  booktitle = {Advances in Neural Information Processing Systems 31},
  editor = {S. Bengio and H. Wallach and H. Larochelle and K. Grauman and N. Cesa-Bianchi and R. Garnett},
  pages = {6048--6058},
  year = {2018},
  publisher = {Curran Associates, Inc.},
  url = {http://papers.nips.cc/paper/7844-evolutionary-stochastic-gradient-descent-for-optimization-of-deep-neural-networks.pdf}
}
@inproceedings{large_scale,
  author    = {Zhang, Tong},
  title     = {Solving Large Scale Linear Prediction Problems Using Stochastic Gradient Descent Algorithms},
  booktitle = {Proceedings of the Twenty-first International Conference on Machine Learning},
  series    = {ICML '04},
  year      = {2004},
  isbn      = {1-58113-838-5},
  location  = {Banff, Alberta, Canada},
  pages     = {116--},
  url       = {http://doi.acm.org/10.1145/1015330.1015332},
  doi       = {10.1145/1015330.1015332},
  acmid     = {1015332},
  publisher = {ACM},
  address   = {New York, NY, USA},
}
@misc{ccpp,
  author    = {UCI},
  title     = {Combined Cycle Power Plant Dataset},
  booktitle = {UCI Machine Learning Repository},
  booktitle = {CoRR},
  year      = {2012},
  journal   = {UCI Machine Learning Repository},
  howpublished = {\url{https://archive.ics.uci.edu/ml/datasets/combined+cycle+power+plant}},
}
@misc{large-scale_optimization,
    title={Optimization Methods for Large-Scale Machine Learning},
    author={L?on Bottou and Frank E. Curtis and Jorge Nocedal},
    year={2016},
    eprint={1606.04838},
    archivePrefix={arXiv},
    primaryClass={stat.ML}
}
@misc{overview_optimization,
    title={An overview of gradient descent optimization algorithms},
    author={Sebastian Ruder},
    year={2016},
    eprint={1609.04747},
    archivePrefix={arXiv},
    primaryClass={cs.LG}
}
