@article{data_analysis,
  title = {Advanced Data Analysis from an Elementary Point of View},
  author = {Shalizi, Cosma Rohilla},
  biburl = {https://www.bibsonomy.org/bibtex/2bfc186255fe2256b22fa96e55779eae0/kirk86},
  url = {http://www.stat.cmu.edu/~cshalizi/ADAfaEPoV/ADAfaEPoV.pdf},
  year = 2016
}

@book{applied,
  title = {Applied Regression Analysis and Generalized Linear Models},
  author = {Fox, John},
  description = {Applied Regression Analysis and Generalized Linear Models - John Fox - Google Books},
  isbn = {9780761930426},
  lccn = {2007047617},
  publisher = {SAGE Publications},
  timestamp = {2012-12-05T11:58:19.000+0100},
  biburl = {https://www.bibsonomy.org/bibtex/2e84e3728832b411ff38f12f503d2d541/hackstutz},
  url = {http://books.google.ch/books?id=GKkn3LSSHFsC},
  year = 2008
}

@misc{notes,
  author = {Andrew Ng},
  title = {Lecture Notes},
  year = {2019},
  journal   = {Standford University},
  howpublished = {http://cs229.stanford.edu/notes/cs229-notes1.pdf},
}
@misc{origins,
  author = {J S Cramer},
  title = {The Origins of Logistic Regression},
  year = {2002},
  journal   = {Tinbergen Institute},
  howpublished = {https://papers.tinbergen.nl/02119.pdf},
}
@misc{python,
  author = {Scikit-Learn},
  title = {Logistic Regression Python Library},
  year = {2019},
  journal   = {Scikit Learn},
  howpublished = {https://scikit-learn.org/stable/modules/generated/sklearn.linear-model.LogisticRegression.html},
}
@misc{r,
  author = {Ioannis Kosmidis},
  title = {CRAN packages for generalized linear models and with related methods},
  year = {2019},
  journal   = {CRAN},
  howpublished = {https://cran.r-project.org/web/packages/cranly/vignettes/glms.html},
}
@misc{skin,
  author    = {UCI},
  title     = {Skin Segmentation Dataset},
  booktitle = {UCI Machine Learning Repository},
  year      = {2012},
  journal   = {UCI Machine Learning Repository},
  howpublished = {\url{https://archive.ics.uci.edu/ml/datasets/combined+cycle+power+plant}},
}
