@article{universal,
  title={Approximation by superpositions of a sigmoidal function},
  author={George Cybenko},
  journal={Mathematics of Control, Signals and Systems},
  year={1989},
  volume={2},
  pages={303-314}
}

@inproceedings{imagenet,
 author = {Krizhevsky, Alex and Sutskever, Ilya and Hinton, Geoffrey E.},
 title = {ImageNet Classification with Deep Convolutional Neural Networks},
 booktitle = {Proceedings of the 25th International Conference on Neural Information Processing Systems - Volume 1},
 series = {NIPS'12},
 year = {2012},
 location = {Lake Tahoe, Nevada},
 pages = {1097--1105},
 numpages = {9},
 url = {http://dl.acm.org/citation.cfm?id=2999134.2999257},
 acmid = {2999257},
 publisher = {Curran Associates Inc.},
 address = {USA},
}

@misc{python,
  author = {Keras},
  title = {Keras Documentation},
  year = {2019},
  journal   = {Keras IO},
  howpublished = {https://keras.io/models/sequential/},
}
@misc{r,
  author = {JJ Allaire},
  title = {Keras For R Studio},
  year = {2017},
  journal   = {R Studio Blog},
  howpublished = {https://blog.rstudio.com/2017/09/05/keras-for-r/},
}
